
@article{cyder,
	title={CyDER - A Co-Simulation Platform for Grid Analysis and Planning for High Penetration of Distributed Energy Resources},
	author={Jonathan Coignard and Thierry Nouidui and Christoph Gehbauer and Michael Wetter and Jhi-Young Joo and Philip Top and Rafael Rivera Soto and Brian Kelley and Emma Stewart},
	pages={to appear},
	year={2017}
}

@article{ces21,
	title={Simulation of a RTU Cyber Attack on a Transformer Bank},
	author={Philip Top and Eddy Banks and Peter D. Barnes Jr. and Seth Bromberger and Brian M. Kelley and Rafael Rivera Soto and Benjamin Salazar and Steven G. Smith and Nathan Yee},
	pages={to appear},
	year={2016}
}

@article{colonproposed,
  title={A Proposed Desktop Grid/Cloud computing network design for HSI Target Detection applications},
  author={Col{\'o}n, Jos{\'e} O Nogueras and Masalmah, Yahya M and Nieves, Christian Martinez and Soto, Rafael Rivera},
  year={2015}
}

@inproceedings{masalmah2015framework,
  title={A Framework of Hyperspectral Image Compression using Neural Networks},
  author={Masalmah, Yahya M and Mart{\'\i}nez Nieves, Christian and Rivera Soto, Rafael and Velez, Carlos and Gonzalez, Jenipher},
  booktitle={Latin American and Caribbean Conference for Engineering and Technology Proceedings},
  volume={13},
  year={2015},
  organization={Univ. del Turabo (Puerto Rico)}
}